
@article{juhel2019quelques,
  title={Quelques aspects de l’{\'e}volution et des extensions de l’analyse factorielle en facteurs communs},
  author={Juhel, Jacques},
  journal={Bulletin de psychologie},
  number={5},
  pages={379--399},
  year={2019},
  publisher={Groupe d'{\'e}tudes de psychologie}
}

@article{burt1941factors,
  title={The factors of the mind: an introduction to factor-analysis in psychology.},
  author={Burt, Cyril},
  year={1941},
  publisher={Macmillan}
}

@article{thurstone1935vectors,
  title={The vectors of mind: Multiple-factor analysis for the isolation of primary traits.},
  author={Thurstone, Louis Leon},
  year={1935},
  publisher={University of Chicago Press}
}


@article{spearman1961general,
  title={" General Intelligence" Objectively Determined and Measured.},
  author={Spearman, Charles},
  year={1961 (article initialement de 1904)},
  publisher={Appleton-Century-Crofts}
}

@book{mulaik2009foundations,
  title={Foundations of factor analysis},
  author={Mulaik, Stanley A},
  year={2009},
  publisher={CRC press}
}

@article{ledermann1937rank,
  title={On the rank of the reduced correlational matrix in multiple-factor analysis},
  author={Ledermann, Walter},
  journal={Psychometrika},
  volume={2},
  number={2},
  pages={85--93},
  year={1937},
  publisher={Springer}
}
@article{joreskog1967some,
  title={Some contributions to maximum likelihood factor analysis},
  author={J{\"o}reskog, Karl G},
  journal={Psychometrika},
  volume={32},
  number={4},
  pages={443--482},
  year={1967},
  publisher={Springer}
}

@article{guttman1954some,
  title={Some necessary conditions for common-factor analysis},
  author={Guttman, Louis},
  journal={Psychometrika},
  volume={19},
  number={2},
  pages={149--161},
  year={1954},
  publisher={Springer}
}

@article{kaiser1960application,
  title={The application of electronic computers to factor analysis},
  author={Kaiser, Henry F},
  journal={Educational and psychological measurement},
  volume={20},
  number={1},
  pages={141--151},
  year={1960},
  publisher={Sage Publications Sage CA: Thousand Oaks, CA}
}

@article{cattell1966scree,
  title={The scree test for the number of factors},
  author={Cattell, Raymond B},
  journal={Multivariate behavioral research},
  volume={1},
  number={2},
  pages={245--276},
  year={1966},
  publisher={Taylor \& Francis}
}

@book{benzecri1982histoire,
  title={Histoire et pr{\'e}histoire de l'analyse des donn{\'e}es},
  author={Benz{\'e}cri, Jean-Paul},
  year={1982},
  publisher={Dunod}
}



@article{hotelling1933analysis,
  title={Analysis of a complex of statistical variables into principal components.},
  author={Hotelling, Harold},
  journal={Journal of educational psychology},
  volume={24},
  number={6},
  pages={417},
  year={1933},
  publisher={Warwick \& York}
}

@article{thurstone1947multiple,
  title={Multiple factor analysis. Chicago: Univer},
  author={Thurstone, LL},
  journal={of Chicago Press},
  volume={1956},
  pages={131},
  year={1947}
}

@article{fabrigar1999evaluating,
  title={Evaluating the use of exploratory factor analysis in psychological research.},
  author={Fabrigar, Leandre R and Wegener, Duane T and MacCallum, Robert C and Strahan, Erin J},
  journal={Psychological methods},
  volume={4},
  number={3},
  pages={272},
  year={1999},
  publisher={American Psychological Association}
}

@article{velicer1990component,
  title={Component analysis versus common factor analysis: Some issues in selecting an appropriate procedure},
  author={Velicer, Wayne F and Jackson, Douglas N},
  journal={Multivariate behavioral research},
  volume={25},
  number={1},
  pages={1--28},
  year={1990},
  publisher={Taylor \& Francis}
}

