This file was created with JabRef 2.2.
Encoding: MacRoman

@article{auzuret2020signifie,
  title={Que signifie sortir de la pauvret{\'e}?},
  author={Auzuret, Claire},
  year={2020},
  publisher={La Vie des id{\'e}es},
  url={https://laviedesidees.fr/Que-signifie-sortir-de-la-pauvrete.html}
}

@article{atdquartmonde,
  title={Les dimensions cachées de la pauvreté},
  author={ATD Quart Monde},
  journal={Recherche participative internationale, Paris, OCDE},
  year={2019},
  publisher={Université d’Oxford}
}

@article{cahuc2014apprentissage,
  title={L'apprentissage au service de l'emploi},
  author={Cahuc, Pierre and Ferracci, Marc and Tirole, Jean and Wasmer, {\'E}tienne},
  journal={Notes du conseil d'analyse economique},
  number={9},
  pages={1--12},
  year={2014},
  publisher={Conseil d’analyse {\'e}conomique}
}

@article{calvo20192018,
  title={En 2018, le nombre d’allocataires de minima sociaux repart l{\'e}g{\`e}rement {\`a} la hausse},
  author={Calvo, Mathieu},
  year={2019},
  publisher={Drees}
}

@book{castel2014metamorphoses,
  title={Les m{\'e}tamorphoses de la question sociale: une chronique du salariat},
  author={Castel, Robert},
  year={2014},
  publisher={Fayard}
}

@article{castel2004insecurite,
  title={L'ins{\'e}curit{\'e} sociale: qu'est-ce qu'{\^e}tre prot{\'e}g{\'e}?},
  author={Castel, Robert and Beland, Daniel},
  journal={The Canadian Review of Sociology},
  volume={41},
  number={1},
  pages={88},
  year={2004},
  publisher={Canadian Sociology and Anthropology Association, c/o Concordia University~…}
}

@article{cayouette2019saisir,
  title={Saisir la position sociale des m{\'e}nages: une approche par configurations},
  author={Cayouette-Rembli{\`e}re, Joanie and Ichou, Mathieu},
  journal={Revue francaise de sociologie},
  volume={60},
  number={3},
  pages={385--427},
  year={2019},
  publisher={Presses de Sciences Po}
}

@article{cingolani2005precarite,
  title={La pr{\'e}carit{\'e}. Paris, PUF, coll.{\guillemotleft}},
  author={CINGOLANI, Patrick},
  journal={Que sais-je},
  year={2005}
}

@article{demaison2020france,
  title={France, portrait social. Edition 2020},
  author={Demaison, Catherine and Grivet, Laurence and Lesdos, Claire and Maury-Duprey, Denise},
  year={2020},
  publisher={Insee}
}

@article{duvoux2018qui,
  title={Qui se sent pauvre en France?},
  author={Duvoux, Nicolas and Papuchon, Adrien},
  journal={Revue fran{\c{c}}aise de sociologie},
  volume={59},
  number={4},
  pages={607--647},
  year={2018},
  publisher={Presses de Sciences Po}
}

@article{duvoux2020insecurite,
  title={L’ins{\'e}curit{\'e} sociale comme condition et comme approche: {\'e}l{\'e}ments de r{\'e}ponse {\`a} Lilian Lahieyte et Serge Paugam},
  author={Duvoux, Nicolas and Papuchon, Adrien},
  journal={Revue fran{\c{c}}aise de sociologie},
  volume={61},
  number={2},
  pages={293--304},
  year={2020},
  publisher={Presses de Sciences Po}
}

@article{eidelman2019renovation,
  title={La r{\'e}novation de la nomenclature socioprofessionnelle (2018-2019)},
  author={Eidelman, Alexis and Chardon, Olivier},
  year={2019},
  publisher={CNIS},
  url={http://www.epsilon.insee.fr/jspui/bitstream/1/116630/1/CNIS_rapport_2019_156.pdf}
}

@article{erikson1984social,
  title={Social class of men, women and families},
  author={Erikson, Robert},
  journal={Sociology},
  volume={18},
  number={4},
  pages={500--514},
  year={1984},
  publisher={SAGE Publications}
}


@book{esping1990three,
  title={The three worlds of welfare capitalism},
  author={Esping-Andersen, Gosta},
  year={1990},
  publisher={Princeton University Press}
}

@article{grislain2017diminution,
  title={La diminution du soutien aux transferts universels en France: les conceptions du syst{\`e}me de protection sociale {\'e}branl{\'e}es par la crise de 2008?},
  author={Grislain-Letr{\'e}my, C{\'e}line and Papuchon, Adrien},
  journal={Revue francaise des affaires sociales},
  number={1},
  pages={205--229},
  year={2017},
  publisher={La Documentation fran{\c{c}}aise}
}

@incollection{grusky2013measuring,
  title={Measuring poverty: the case for a sociological approach},
  author={Grusky, David B and Weeden, Kim A},
  booktitle={The Many Dimensions of Poverty},
  pages={20--35},
  year={2013},
  publisher={Springer}
}

@article{lahieyte2020sociologie,
  title={Sociologie et mesure de la pauvret{\'e}},
  author={Lahieyte, Lilian},
  journal={Revue francaise de sociologie},
  volume={61},
  number={2},
  pages={275--280},
  year={2020},
  publisher={Presses de Sciences Po}
}

@article{lelievre2018inegalites,
  title={Des in{\'e}galit{\'e}s de niveau de vie plus marqu{\'e}es une fois les d{\'e}penses pr{\'e}-engag{\'e}es prises en compte},
  author={Leli{\`e}vre, Mich{\`e}le and R{\'e}mila, Nathan},
  year={2018},
  publisher={Drees}
}

@article{lollivier2005trois,
  title={Trois apports des donn{\'e}es longitudinales {\`a} l'analyse de la pauvret{\'e}},
  author={Lollivier, St{\'e}fan and Verger, Daniel},
  journal={Economie et statistique},
  volume={383},
  number={1},
  pages={245--282},
  year={2005},
  publisher={Pers{\'e}e-Portail des revues scientifiques en SHS}
}

@book{mack1985poor,
  title={Poor britain},
  author={Mack, Joanna and Lansley, Stewart and others},
  year={1985},
  publisher={G. Allen \& Unwin London}
}

@article{onpes,
  title={Les Budgets de référence : une méthode d’évaluation des besoins pour une participation effective à la vie sociale},
  author={ONPES},
  journal={Rapport 2014-2015 de l'ONPES},
  year={2015}
}

@book{paugam1991disqualification,
  title={La disqualification sociale: essai sur la nouvelle pauvret{\'e}},
  author={Paugam, Serge and Schnapper, Dominique},
  year={1991},
  publisher={Presses universitaires de France Paris}
}

@article{paugam2002experience,
  title={L’exp{\'e}rience v{\'e}cue de la pauvret{\'e}},
  author={Paugam, Serge},
  journal={Gallie, D., & Paugam, S. (2002). Précarité et intégration sociales},
  volume={56},
  year={2002},
  publisher={Rapport pour la Commission européenne basé sur l’Eurobaromètre}
}

@article{paugam2005perception,
  title={La perception de la pauvret{\'e} en Europe depuis le milieu des ann{\'e}es 1970. Analyse des variations structurelles et conjoncturelles},
  author={Paugam, Serge and Selz, Marion},
  journal={{\'E}conomie et statistique},
  volume={383},
  number={1},
  pages={283--305},
  year={2005},
  publisher={Pers{\'e}e-Portail des revues scientifiques en SHS}
}

@article{paugam2020se,
  title={Se sentir pauvre},
  author={Paugam, Serge},
  journal={Revue fran{\c{c}}aise de sociologie},
  volume={61},
  number={2},
  pages={281--292},
  year={2020},
  publisher={Presses de Sciences Po}
}

@article{ponthieux2004travailleurs,
  title={Les travailleurs pauvres: identification d'une cat{\'e}gorie},
  author={Ponthieux, Sophie},
  journal={Travail, genre et soci{\'e}t{\'e}s},
  number={1},
  pages={93--107},
  year={2004},
  publisher={La D{\'e}couverte}
}

@book{rawls2020theory,
  title={A theory of justice},
  author={Rawls, John},
  year={2020},
  publisher={Harvard university press (réédition de l'ouvrage de 1971)}
}

@article{sen1985commodities,
  title={Commodities and capabilities. Lectures in economics: Theory, institutions},
  author={Sen, Amartya},
  journal={Policy},
  volume={7},
  year={1985}
}

@book{simmel2011pauvres,
  title={Les pauvres},
  author={Simmel, Georg},
  year={1998},
  publisher={ trad.  de   l’allemand  par  B.  Chokrane,  intro.  de S. Paugam et F. Schultheis, Paris, Presses universitaires de France}
}




@book{spicker2007poverty,
  title={Poverty: an international glossary},
  author={Spicker, Paul and Franzoni, Juliana Mart{\'\i}nez and Leguizam{\'o}n, Sonia Alvarez and Gordon, David},
  volume={1},
  number={84277-84824},
  year={2007},
  publisher={Zed Books}
}



@article{veit1987consensual,
  title={Consensual approaches to poverty lines and social security},
  author={Veit-Wilson, John H},
  journal={Journal of Social Policy},
  volume={16},
  number={2},
  pages={183--211},
  year={1987},
  publisher={Cambridge University Press}
}


@BOOK{hipr1997,
  title = {Hypermedia Image Processing Reference},
  publisher = {John Wiley \& Sons},
  year = {1997},
  author = {Robert Fisher and Simon Perkins and Ashley Walker and Erik Wolfart},
  address = {New York, NY},
  isbn = {0-471-96243-0}
}



@ARTICLE{hertzmann2000,
  author = {Aaron Hertzmann and Dennis Zorin},
  title = {Illustrating Smooth Surfaces},
  journal = {Proceedings of SIGGRAPH 2000},
  year = {2000},
  volume = {5},
  number = {17},
  pages = {517--526},
  month = {July},
  address = {New Orleans, Louisiana},
  editor = {Kurt Akeley},
  isbn = {1-58113-208-5},
  publisher = {ACM Press / ACM SIGGRAPH / Addison Wesley Longman},
  series = {Computer Graphics Proceedings, Annual Conference Series}
}

@PHDTHESIS{noble2002,
  author = {Noble, Samuel G.},
  title = {Turning images into simple line-art},
  school = {Reed College},
  year = {2002},
  type = {Undergraduate thesis},
  date-added = {2007-03-14 10:12:04 -0700},
  date-modified = {2007-03-14 10:30:42 -0700}
}

@MISC{reedweb2007,
  author = {Reed{\ }College},
  title = {LaTeX Your Document},
  month = {March},
  year = {2007},
  date-added = {2007-03-14 10:07:06 -0700},
  date-modified = {2007-03-14 10:09:03 -0700},
  lastchecked = {March 14, 2007},
  url = {https://web.reed.edu/cis/help/LaTeX/index.html}
}

@MASTERSTHESIS{wong1999,
  author = {Eric Wong},
  title = {{Artistic Rendering of Portrait Photographs}},
  school = {Cornell University},
  year = {1999}
}

